<record><leader>00000cas a22000007a 4500</leader><controlfield tag="001">12008351</controlfield><controlfield tag="008">850508d1856185unyuwr ne      0    0eng  </controlfield><controlfield tag="009">466</controlfield><datafield ind1=" " ind2=" " tag="010"><subfield code="a">sn 85042254 </subfield></datafield><datafield ind1=" " ind2=" " tag="040"><subfield code="a">DLC</subfield><subfield code="b">eng</subfield><subfield code="c">DLC</subfield><subfield code="d">NPX</subfield><subfield code="d">NVK</subfield><subfield code="d">OCL</subfield><subfield code="d">OCLCG</subfield><subfield code="d">OCLCF</subfield></datafield><datafield ind1="1" ind2=" " tag="029"><subfield code="a">AU@</subfield><subfield code="b">000020235191</subfield></datafield><datafield ind1=" " ind2=" " tag="042"><subfield code="a">msc</subfield></datafield><datafield ind1="0" ind2="0" tag="050"><subfield code="a">Newspaper 8829-X</subfield></datafield><datafield ind1="0" ind2="4" tag="245"><subfield code="a">The National campaign banner.</subfield></datafield><datafield ind1="0" ind2="7" tag="246"><subfield code="a">Banner of liberty</subfield></datafield><datafield ind1=" " ind2=" " tag="260"><subfield code="a">Middletown, N.Y. :</subfield><subfield code="b">Gilbert J. Beebe,</subfield><subfield code="c">1856-</subfield></datafield><datafield ind1=" " ind2=" " tag="300"><subfield code="a">v. :</subfield><subfield code="b">ill. ;</subfield><subfield code="c">41 cm.</subfield></datafield><datafield ind1=" " ind2=" " tag="310"><subfield code="a">Weekly</subfield></datafield><datafield ind1="0" ind2=" " tag="362"><subfield code="a">No. [1] (May 8, 1856)-</subfield></datafield><datafield ind1=" " ind2=" " tag="500"><subfield code="a">Editor: Gilbert J. Beebe, &lt;1856&gt;.</subfield></datafield><datafield ind1=" " ind2=" " tag="580"><subfield code="a">Campaign ed. of: Banner of liberty (Middletown, N.Y).</subfield></datafield><datafield ind1=" " ind2=" " tag="500"><subfield code="a">Supported James Buchanan for president.</subfield></datafield><datafield ind1="1" ind2="0" tag="600"><subfield code="a">Buchanan, James,</subfield><subfield code="d">1791-1868.</subfield></datafield><datafield ind1="1" ind2="7" tag="600"><subfield code="a">Buchanan, James,</subfield><subfield code="d">1791-1868.</subfield><subfield code="2">fast</subfield><subfield code="0">(OCoLC)fst00029121</subfield></datafield><datafield ind1=" " ind2="0" tag="651"><subfield code="a">Middletown (N.Y.)</subfield><subfield code="v">Newspapers.</subfield></datafield><datafield ind1=" " ind2="7" tag="651"><subfield code="a">New York (State)</subfield><subfield code="z">Middletown (Orange County)</subfield><subfield code="2">fast</subfield><subfield code="0">(OCoLC)fst01735512</subfield></datafield><datafield ind1=" " ind2="7" tag="655"><subfield code="a">Newspapers.</subfield><subfield code="2">fast</subfield><subfield code="0">(OCoLC)fst01423814</subfield></datafield><datafield ind1=" " ind2=" " tag="752"><subfield code="a">United States</subfield><subfield code="b">New York</subfield><subfield code="c">Orange</subfield><subfield code="d">Middletown.</subfield></datafield><datafield ind1="1" ind2=" " tag="775"><subfield code="a">Banner of liberty (Middletown, N.Y.)</subfield><subfield code="w">(DLC)sn 83031354</subfield></datafield></record>